@misc{http,
  title={Hypertext transfer protocol--{HTTP}/1.1},
  author={Fielding, Roy and Gettys, Jim and Mogul, Jeffrey and Frystyk, Henrik and Masinter, Larry and Leach, Paul and Berners-Lee, Tim},
  year={1999},
  publisher={RFC 2616, June}
}

@techreport{rangerequests,
    title={Hypertext transfer protocol (\textsc{HTTP}/1.1): {Range Requests}},
    author={Fielding, R and Lafon, Y and Reschke, J},
    year={2014}
}

@inproceedings{prefixcaching,
  title={Proxy prefix caching for multimedia streams},
  author={Sen, Subhabrata and Rexford, Jennifer and Towsley, Don},
  booktitle={INFOCOM'99. Eighteenth Annual Joint Conference of the IEEE Computer and Communications Societies. Proceedings. IEEE},
  volume={3},
  pages={1310--1319},
  year={1999},
  organization={IEEE}
}

@article{iss,
  title={\textsc{IIS} smooth streaming technical overview},
  author={Zambelli, Alex},
  journal={Microsoft Corporation},
  volume={3},
  year={2009}
}

@article{iss2,
  title={{[MS-SSTR]:} Smooth Streaming Protocol},
  author={{Microsoft Corporation}},
  publisher={Microsoft Corporation},
  year={2014}
}

@inproceedings{dash,
  title={Dynamic adaptive streaming over \textsc{HTTP}--: standards and design principles},
  author={Stockhammer, Thomas},
  booktitle={Proceedings of the second annual ACM conference on Multimedia systems},
  pages={133--144},
  year={2011},
  organization={ACM}
}

@article{dash2,
  title={Information technology -- Dynamic adaptive streaming over {HTTP} {(DASH)}},
  author={{International Organization for Standardization}},
  publisher={International Organization for Standardization},
  year={2014}
}

@article{hls,
  title={\textsc{HTTP} live streaming},
  author={Pantos, Roger},
  year={2015}
}

@misc{rtmp,
    title={Adobeâ€™s Real Time Messaging Protocol},
    author={Parmar, H and Thornburg, M},
    year={2012}
}

@article{hds,
    title={\textsc{HTTP} Dynamic Streaming Specification Version 3.0 FINAL},
    author={{Adobe Systems Incorporated}},
    publisher={Adobe Systems Incorporated},
    year={2013}
}

@article{cdns,
  title={Content delivery networks: {Status} and trends},
  author={Vakali, Athena and Pallis, George},
  journal={Internet Computing, IEEE},
  volume={7},
  number={6},
  pages={68--74},
  year={2003},
  publisher={IEEE}
}

@online{ranger,
  author = {Cassiano Aquino},
  title = {Caching range requests using \textsc{NGINX} at {MaxCDN}},
  year = 2014,
  url = {http://syshero.org/post/77122862845/caching-range-requests-using-nginx-at-maxcdn},
  urldate = {2015-04-24}
}

@online{nginxcacheforum,
    author = {Maxim Dounin},
    title = {Re: reverse proxy + caching seems to break range requests},
    year = 2010,
    url = {http://forum.nginx.org/read.php?2,71160,71224#msg-71224},
    urldate = {2015-05-28}
}

@misc{nginxcache,
  title = {Module ngx\_http\_proxy\_module},
  url = {http://nginx.org/en/docs/http/ngx\_http\_proxy\_module.html#proxy\_cache},
  urldate = {2015-05-28}
}

@misc{apachecache,
  title = {Apache Module mod\_cache},
  url = {{https://httpd.apache.org/docs/2.2/mod/mod\_cache.html}},
  urldate = {2015-06-10}
}

@misc{nginxcachelevels,
  title = {Module ngx\_http\_proxy\_module},
  url = {http://nginx.org/en/docs/http/ngx\_http\_proxy\_module.html#proxy\_cache\_path},
  urldate = {2015-06-15}
}


@misc{nginxlua,
  title = {{HttpLuaModule}},
  url = {http://wiki.nginx.org/HttpLuaModule},
  urldate = {2015-05-28}
}

@misc{apachelua,
  title = {Apache Module mod\_lua},
  url = {https://httpd.apache.org/docs/trunk/mod/mod\_lua.html},
  urldate = {2015-06-11}
}

@online{apachevsnginx,
    author = {Justin Ellingwood},
    title = {Apache vs {Nginx}: Practical Considerations},
    year = 2015,
    url = {https://www.digitalocean.com/community/tutorials/apache-vs-nginx-practical-considerations},
    urldate = {2015-06-10}
}

@online{nginxperformancescale,
    author = {Owen Garrett},
    title = {Inside {NGINX:} How We Designed for Performance \& Scale},
    year = 2015,
    url = {http://nginx.com/blog/inside-nginx-how-we-designed-for-performance-scale/},
    urldate = {2015-06-11}
}

@misc{uspapache,
  title = {Apache},
  url = {http://docs.unified-streaming.com/installation/advanced/stream/apache.html},
  urldate = {2015-06-10}
}

@misc{uspnginx,
  title = {Nginx},
  url = {http://docs.unified-streaming.com/installation/advanced/stream/nginx.html},
  urldate = {2015-06-10}
}

@misc{uspismproxy,
  title = {{HTTP} proxy},
  url = {http://docs.unified-streaming.com/documentation/vod/http-proxy.html},
  urldate = {2015-06-10}
}


@online{cloudflarelua,
    author = {Matthieu Tourne},
    title = {Pushing Nginx to its limit with Lua},
    year = 2012,
    url = {https://blog.cloudflare.com/pushing-nginx-to-its-limit-with-lua/},
    urldate = {2015-06-10}
}

@online{wrk,
    author = {Will Glozer},
    title = {wrk - a {HTTP} benchmarking tool},
    year = 2015,
    url = {https://github.com/wg/wrk/blob/master/README},
    urldate = {2015-06-12}
}

@online{comcast,
    author = {Tyler Treat},
    title = {Comcast},
    year = 2015,
    url = {https://github.com/tylertreat/Comcast/blob/master/README.md},
    urldate = {2015-06-12}
}


@article{revproxy,
  title={A reverse proxy is a proxy by any other name},
  author={Stricek, Art},
  journal={SANS Institute InfoSec Reading Room},
  volume={13},
  year={2002}
}

@book{nginx1,
  title={Nginx \textsc{HTTP} Server: Adopt {Nginx} for Your Web Applications to Make the Most of Your Infrastructure and Serve Pages Faster Than Ever},
  author={Nedelcu, Cl{\'e}ment},
  year={2010},
  publisher={Packt Publishing Ltd}
}

@article{nginx2,
  title={Nginx: the high-performance web server and reverse proxy},
  author={Reese, Will},
  journal={Linux Journal},
  volume={2008},
  number={173},
  pages={2},
  year={2008},
  publisher={Belltown Media}
}

@inproceedings{summers2012methodologies,
  title={Methodologies for generating \textsc{HTTP} streaming video workloads to evaluate web server performance},
  author={Summers, Jim and Brecht, Tim and Eager, Derek and Wong, Bernard},
  booktitle={Proceedings of the 5th Annual International Systems and Storage Conference},
  pages={2},
  year={2012},
  organization={ACM}
}

@article{abs,
  title={ADAPTIVE BIT-RATE STREAMING},
  author={Monchamp, Ted D},
  journal={InSight: Rivier Academic Journal},
  volume={9},
  number={2},
  year={2013}
}
